% Encoding: UTF-8
@article{Turner2004,
author = {Turner, Matthew C. and Postlethwaite, Ian},
doi = {10.1080/00207170310001640116},
journal = {International Journal of Control},
number = {1},
pages = {27--44},
title = {{A new perspective on static and low order anti-windup synthesis}},
volume = {77},
year = {2004}
}

@book{Skogestad2005,
address = {Chichester, UK},
author = {Skogestad, S and Postlethwaite, I},
isbn = {9780470011676},
publisher = {John Wiley and Sons Ltd},
title = {{Multivariable feedback control: analysis and design}},
year = {2005}
}
@article{Xie2004,
author = {Xie, Wei and Eisaka, Toshio},
doi = {10.1049/ip-cta:20040513},
journal = {IEE Proceedings - Control Theory and Applications},
number = {4},
pages = {465},
title = {{Design of LPV control systems based on Youla parameterisation}},
volume = {151},
year = {2004}
}

@Article{Apkarian1995,
  author  = {Apkarian, Pierre and Gahinet, Pascal and Becker, Gregory Scott},
  journal = {Automatica},
  title   = {Self-scheduled {$H_\infty$} control of linear parameter-varying systems: a design example},
  year    = {1995},
  month   = sep,
  number  = {9},
  pages   = {1251--1261},
  volume  = {31},
  doi     = {10.1016/0005-1098(95)00038-X},
}


@article{Apkarian1998,
	title = {Advanced gain-scheduling techniques for uncertain systems},
	volume = {6},
	doi = {10.1109/87.654874},
	number = {1},
	journal = {IEEE Transactions on Control Systems Technology},
	author = {Apkarian, Pierre and Adams, R.J.},
	year = {1998},
	pages = {21--32},
}

@article{Wu1996,
	title = {Induced {L2}-norm control for {LPV} systems with bounded parameter variation rates},
	volume = {6},
	doi = {10.1002/(SICI)1099-1239(199611)6:9/10<983::AID-RNC263>3.0.CO;2-C},
	number = {9-10},
	journal = {International Journal of Robust and Nonlinear Control},
	author = {Wu, Fen and Yang, Xin Hua and Packard, Andrew and Becker, Gregory Scott},
	year = {1996},
	pages = {983--998},
}

@Comment{jabref-meta: databaseType:bibtex;}
